@book{vapnik1998statistical,
  title={Statistical Learning Theory},
  author={Vapnik, V. N.},
  year={1998},
  publisher={Wiley}
}

@article{barsalou2008grounded,
  title={Grounded cognition},
  author={Barsalou, L. W.},
  journal={Annual review of psychology},
  volume={59},
  year={2008},
  pages={617--645}
}

@article{searle1980minds,
  title={Minds, brains, and programs},
  author={Searle, J. R.},
  journal={Behavioral and brain sciences},
  volume={3},
  number={3},
  year={1980},
  pages={417--424}
}

@article{radford2019language,
  title={Language models are unsupervised multitask learners},
  author={Radford, A. and et al.},
  journal={OpenAI Blog},
  volume={1},
  number={8},
  year={2019},
  pages={9}
}

@book{dreyfus1992what,
  title={What Computers Still Can't Do: A Critique of Artificial Reason},
  author={Dreyfus, H. L.},
  year={1992},
  publisher={MIT Press}
}

@book{chomsky1968language,
  title={Language and Mind},
  author={Chomsky, N.},
  year={1968},
  publisher={Harcourt Brace \& World}
}

@incollection{cambridgeUnderstanding,
    author={Cambridge},
    publisher={Cambridge University Press},
    title={Understanding},
    booktitle={Cambridge Dictionary},
    url={https://dictionary.cambridge.org/dictionary/english/understanding},
    urldate={2023-11-22}
}
